@misc{fracking-kurzgesagt,
	author="kurzgesagt",
	title="Fracking Explained: Opporunity or Danger",
	year="2013",
	month="September 3",
	note="Online; accessed June 25 2018",
	howpublished="\url{https://www.youtube.com/watch?v=Uti2niW2BRA}"
}